@article{roudnev,
	title = {{HD}${}^{+}$ photodissociation in the scaled coordinate approach},
	author = {Roudnev, Vladimir and Esry, B. D.},
	journal = {Phys. Rev. A},
	volume = {71},
	issue = {1},
	pages = {013411},
	numpages = {7},
	year = {2005},
	month = {Jan},
	publisher = {American Physical Society},
	doi = {10.1103/PhysRevA.71.013411},
	url = {https://link.aps.org/doi/10.1103/PhysRevA.71.013411}
}